<collection xmlns="http://www.loc.gov/MARC21/slim">
<record>
  <leader>04117nam0a22006131i 450 </leader>
  <controlfield tag="001">IT\ICCU\CNCE\033518</controlfield>
  <controlfield tag="005">20101108000000.0</controlfield>
  <datafield tag="012" ind1=" " ind2=" ">
    <subfield code="a">e.ua 73pa u-i- anjo (3) 1541 (A)</subfield>
    <subfield code="2">fei</subfield>
  </datafield>
  <datafield tag="100" ind1=" " ind2=" ">
    <subfield code="a">19971219d1541        0itac0103    ba</subfield>
  </datafield>
  <datafield tag="101" ind1=" " ind2=" ">
    <subfield code="a">LAT</subfield>
  </datafield>
  <datafield tag="102" ind1=" " ind2=" ">
    <subfield code="a">IT</subfield>
  </datafield>
  <datafield tag="200" ind1="1" ind2=" ">
    <subfield code="a">℗Valerii Maximi ℗Moralium exemplorum libri nouem, summa diligentia castigati, ac  fidelissimis eruditissimorum virorum Oliuerii s. Arziganensis, Iodocique Badii Ascensii commentariis enarrati, quibus addita sunt quatuor &amp; viginti exempla, nuper Aldii Manutii industria inuenta, eiusdem Ascensii commentariis exornata. Cum duplici indice, altero quidem capitum, altero vero eorum qu ̆toto opere notatu digna visa sunt. Insunt prt̆erea Theophili viri eruditissimi perutiles lucubrationes, qu ̆tibi non mediocri erunt (si huius autoris virtutes optime nosce volueris) adiumento</subfield>
  </datafield>
  <datafield tag="210" ind1=" " ind2=" ">
    <subfield code="a">Venetiis</subfield>
    <subfield code="c">apud Octauianum Scotum d. Amadei f.</subfield>
    <subfield code="d">1541</subfield>
    <subfield code="e">\Venezia</subfield>
    <subfield code="g">Ottaviano Scoto il giovane!</subfield>
  </datafield>
  <datafield tag="215" ind1=" " ind2=" ">
    <subfield code="a">\12!, CCXLVI c.</subfield>
    <subfield code="d">fol</subfield>
  </datafield>
  <datafield tag="620" ind1=" " ind2=" ">
    <subfield code="a">IT</subfield>
    <subfield code="d">Venezia</subfield>
  </datafield>
  <datafield tag="700" ind1=" " ind2="0">
    <subfield code="a">Valerius Maximus</subfield>
    <subfield code="3">IT\ICCU\CNCA\001232</subfield>
  </datafield>
  <datafield tag="702" ind1=" " ind2="0">
    <subfield code="a">Oliviero</subfield>
    <subfield code="c"> : d&apos;Arzignano</subfield>
    <subfield code="3">IT\ICCU\CNCA\011562</subfield>
  </datafield>
  <datafield tag="702" ind1=" " ind2="1">
    <subfield code="a">Chalcondylas,</subfield>
    <subfield code="b">Theophilus</subfield>
    <subfield code="3">IT\ICCU\CNCA\013408</subfield>
  </datafield>
  <datafield tag="702" ind1=" " ind2="1">
    <subfield code="a">Manuzio,</subfield>
    <subfield code="b">Aldo</subfield>
    <subfield code="c"> &lt;il vecchio&gt;</subfield>
    <subfield code="3">IT\ICCU\CNCA\000081</subfield>
  </datafield>
  <datafield tag="702" ind1=" " ind2="1">
    <subfield code="a">Bade,</subfield>
    <subfield code="b">Josse</subfield>
    <subfield code="3">IT\ICCU\CNCA\001185</subfield>
  </datafield>
  <datafield tag="712" ind1="0" ind2="0">
    <subfield code="a">Scoto, Ottaviano</subfield>
    <subfield code="c"> &lt;2.&gt;</subfield>
    <subfield code="3">IT\ICCU\CNCT\000258</subfield>
    <subfield code="4">650</subfield>
  </datafield>
  <datafield tag="790" ind1=" " ind2="0">
    <subfield code="a">Valerio Massimo</subfield>
    <subfield code="3">IT\ICCU\CNCA\024512</subfield>
    <subfield code="z">Valerius Maximus</subfield>
  </datafield>
  <datafield tag="790" ind1=" " ind2="0">
    <subfield code="a">Oliverius</subfield>
    <subfield code="c"> : Arzignanensis</subfield>
    <subfield code="3">IT\ICCU\CNCA\017030</subfield>
    <subfield code="z">Oliviero : d&apos;Arzignano</subfield>
  </datafield>
  <datafield tag="790" ind1=" " ind2="1">
    <subfield code="a">Arzignano,</subfield>
    <subfield code="b">Oliviero : d&apos;</subfield>
    <subfield code="3">IT\ICCU\CNCA\022613</subfield>
    <subfield code="z">Oliviero : d&apos;Arzignano</subfield>
  </datafield>
  <datafield tag="790" ind1=" " ind2="0">
    <subfield code="a">Theophilus</subfield>
    <subfield code="3">IT\ICCU\CNCA\021095</subfield>
    <subfield code="z">Chalcondylas, Theophilus</subfield>
  </datafield>
  <datafield tag="790" ind1=" " ind2="1">
    <subfield code="a">Calcondila,</subfield>
    <subfield code="b">Teofilo</subfield>
    <subfield code="3">IT\ICCU\CNCA\023564</subfield>
    <subfield code="z">Chalcondylas, Theophilus</subfield>
  </datafield>
  <datafield tag="790" ind1=" " ind2="1">
    <subfield code="a">Manutius,</subfield>
    <subfield code="b">Aldus</subfield>
    <subfield code="c"> &lt;il vecchio&gt;</subfield>
    <subfield code="3">IT\ICCU\CNCA\014566</subfield>
    <subfield code="z">Manuzio, Aldo &lt;il vecchio&gt;</subfield>
  </datafield>
  <datafield tag="790" ind1=" " ind2="1">
    <subfield code="a">Manutius,</subfield>
    <subfield code="b">Aldus Pius</subfield>
    <subfield code="3">IT\ICCU\CNCA\020961</subfield>
    <subfield code="z">Manuzio, Aldo &lt;il vecchio&gt;</subfield>
  </datafield>
  <datafield tag="790" ind1=" " ind2="0">
    <subfield code="a">Badius Ascensius Jodocus</subfield>
    <subfield code="3">IT\ICCU\CNCA\003294</subfield>
    <subfield code="z">Bade, Josse</subfield>
  </datafield>
  <datafield tag="790" ind1=" " ind2="0">
    <subfield code="a">Ascensius</subfield>
    <subfield code="3">IT\ICCU\CNCA\026332</subfield>
    <subfield code="z">Bade, Josse</subfield>
  </datafield>
  <datafield tag="791" ind1="0" ind2="0">
    <subfield code="a">Scoto, Ottaviano Amadei</subfield>
    <subfield code="3">IT\ICCU\CNCT\002829</subfield>
    <subfield code="z">Scoto, Ottaviano &lt;2.&gt;</subfield>
  </datafield>
  <datafield tag="791" ind1="0" ind2="0">
    <subfield code="a">Scotus, Octavianus Amadei</subfield>
    <subfield code="3">IT\ICCU\CNCT\005638</subfield>
    <subfield code="z">Scoto, Ottaviano &lt;2.&gt;</subfield>
  </datafield>
  <datafield tag="791" ind1="0" ind2="0">
    <subfield code="a">Scotti, Ottaviano</subfield>
    <subfield code="c"> &lt;2.&gt;</subfield>
    <subfield code="3">IT\ICCU\CNCT\005639</subfield>
    <subfield code="z">Scoto, Ottaviano &lt;2.&gt;</subfield>
  </datafield>
  <datafield tag="801" ind1=" " ind2="3">
    <subfield code="a">IT</subfield>
    <subfield code="b">ICCU</subfield>
    <subfield code="c">20201114</subfield>
  </datafield>
  <datafield tag="899" ind1=" " ind2=" ">
    <subfield code="a">Biblioteca comunale. Sansepolcro</subfield>
    <subfield code="1">AR0060</subfield>
    <subfield code="2">RT1 QS</subfield>
  </datafield>
  <datafield tag="899" ind1=" " ind2=" ">
    <subfield code="a">Biblioteca universitaria. Bologna</subfield>
    <subfield code="1">BO0098</subfield>
    <subfield code="2">UBO BU</subfield>
  </datafield>
  <datafield tag="899" ind1=" " ind2=" ">
    <subfield code="a">Biblioteca Medicea Laurenziana. Firenze</subfield>
    <subfield code="1">FI0100</subfield>
    <subfield code="2">CFI ML</subfield>
  </datafield>
  <datafield tag="899" ind1=" " ind2=" ">
    <subfield code="a">Biblioteca statale Isontina. Gorizia</subfield>
    <subfield code="1">GO0025</subfield>
    <subfield code="2">TSA BI</subfield>
  </datafield>
  <datafield tag="899" ind1=" " ind2=" ">
    <subfield code="a">Biblioteca comunale Giovanni Santini. Pavullo nel Frignano</subfield>
    <subfield code="1">MO0102</subfield>
    <subfield code="2">MOD PV</subfield>
  </datafield>
  <datafield tag="899" ind1=" " ind2=" ">
    <subfield code="a">Biblioteca della Pontificia Facolt ̉teologica dell&apos;Italia meridionale. Sezione S. Luigi. Napoli</subfield>
    <subfield code="1">NA0261</subfield>
    <subfield code="2">NAP FT</subfield>
  </datafield>
  <datafield tag="899" ind1=" " ind2=" ">
    <subfield code="a">Biblioteca del Seminario Vescovile della Facolt ̉Teologica del Triveneto dell&apos;Istituto Filosofico Aloisianum. Padova</subfield>
    <subfield code="1">PD0073</subfield>
    <subfield code="2">PUV 01</subfield>
  </datafield>
  <datafield tag="899" ind1=" " ind2=" ">
    <subfield code="a">Biblioteca civica. Padova</subfield>
    <subfield code="1">PD0090</subfield>
    <subfield code="2">PUV 55</subfield>
  </datafield>
  <datafield tag="899" ind1=" " ind2=" ">
    <subfield code="a">Biblioteca Porziuncola. Assisi</subfield>
    <subfield code="1">PG0179</subfield>
    <subfield code="2">UM1 36</subfield>
  </datafield>
  <datafield tag="899" ind1=" " ind2=" ">
    <subfield code="a">Biblioteca del Seminario diocesano di Concordia-Pordenone. Pordenone</subfield>
    <subfield code="1">PN0052</subfield>
    <subfield code="2">TSA SC</subfield>
  </datafield>
  <datafield tag="899" ind1=" " ind2=" ">
    <subfield code="a">Biblioteca capitolare Fabroniana. Pistoia</subfield>
    <subfield code="1">PT0026</subfield>
    <subfield code="2">RT1 LB</subfield>
  </datafield>
  <datafield tag="899" ind1=" " ind2=" ">
    <subfield code="a">Biblioteca Oliveriana. Pesaro</subfield>
    <subfield code="1">PU0061</subfield>
    <subfield code="2">URB OL</subfield>
  </datafield>
  <datafield tag="899" ind1=" " ind2=" ">
    <subfield code="a">Biblioteca comunale Paroniana. Rieti</subfield>
    <subfield code="1">RI0126</subfield>
    <subfield code="2">RMS B5</subfield>
  </datafield>
  <datafield tag="899" ind1=" " ind2=" ">
    <subfield code="a">Biblioteca nazionale centrale. Roma</subfield>
    <subfield code="1">RM0267</subfield>
    <subfield code="2">BVE CR</subfield>
  </datafield>
  <datafield tag="899" ind1=" " ind2=" ">
    <subfield code="a">Fondazione Biblioteca S. Bernardino. Trento</subfield>
    <subfield code="z">MUTILO</subfield>
    <subfield code="1">TN0122</subfield>
    <subfield code="2">ZTN 18</subfield>
  </datafield>
  <datafield tag="899" ind1=" " ind2=" ">
    <subfield code="a">Biblioteca civica. Verona</subfield>
    <subfield code="1">VR0059</subfield>
    <subfield code="2">ZVR 02</subfield>
  </datafield>
  <datafield tag="911" ind1=" " ind2=" ">
    <subfield code="a">Sul front.</subfield>
    <subfield code="9">IT\ICCU\CNCM\000252</subfield>
  </datafield>
  <datafield tag="911" ind1=" " ind2=" ">
    <subfield code="a">In fine</subfield>
    <subfield code="9">IT\ICCU\CNCM\000435</subfield>
  </datafield>
  <datafield tag="921" ind1=" " ind2=" ">
    <subfield code="a">IT\ICCU\CNCM\000252</subfield>
    <subfield code="b">Donna sale su un albero di melograno per coglierne i frutti che getta ad un&apos;altra donna seduta ai piedi dell&apos;albero.</subfield>
    <subfield code="c">A102</subfield>
    <subfield code="c">V467</subfield>
    <subfield code="c">Z828</subfield>
    <subfield code="d">Dimensioni: 5 x 8,5</subfield>
    <subfield code="f">ALBERO</subfield>
    <subfield code="f">DONNA</subfield>
    <subfield code="f">FRUTTI</subfield>
    <subfield code="f">MELOGRANO</subfield>
    <subfield code="g">1539-1576</subfield>
  </datafield>
  <datafield tag="921" ind1=" " ind2=" ">
    <subfield code="a">IT\ICCU\CNCM\000435</subfield>
    <subfield code="b">Croce doppia su cuore con iniziali B.O.S.</subfield>
    <subfield code="c">K287</subfield>
    <subfield code="c">Z485</subfield>
    <subfield code="d">Dimensioni: 6,5 x 8</subfield>
    <subfield code="f">BOS</subfield>
    <subfield code="f">CROCE</subfield>
    <subfield code="g">1539-1552</subfield>
  </datafield>
</record>
</collection>
